<record><leader>00000cas a22000007a 4500</leader><controlfield tag="001">10536984</controlfield><controlfield tag="008">840319d19761981cauwr ne      0   a0eng d</controlfield><datafield ind1=" " ind2=" " tag="010"><subfield code="a">sn 84025873 </subfield></datafield><datafield ind1=" " ind2=" " tag="040"><subfield code="a">NPV</subfield><subfield code="b">eng</subfield><subfield code="c">NPV</subfield><subfield code="d">CNK</subfield><subfield code="d">OCL</subfield><subfield code="d">OCLCQ</subfield><subfield code="d">OCLCO</subfield></datafield><datafield ind1="1" ind2=" " tag="029"><subfield code="a">AU@</subfield><subfield code="b">000020333368</subfield></datafield><datafield ind1=" " ind2=" " tag="042"><subfield code="a">msc</subfield></datafield><datafield ind1=" " ind2=" " tag="043"><subfield code="a">n-us-ca</subfield></datafield><datafield ind1="0" ind2="0" tag="245"><subfield code="a">Inglewood Hawthorne wave.</subfield></datafield><datafield ind1=" " ind2=" " tag="260"><subfield code="a">Los Angeles, CA. :</subfield><subfield code="b">Central News-Wave Publications</subfield></datafield><datafield ind1=" " ind2=" " tag="300"><subfield code="a">v. :</subfield><subfield code="b">ill.</subfield></datafield><datafield ind1=" " ind2=" " tag="310"><subfield code="a">Weekly</subfield></datafield><datafield ind1="1" ind2=" " tag="362"><subfield code="a">Began in 1976.</subfield></datafield><datafield ind1="0" ind2=" " tag="362"><subfield code="a">-v. 63, no. 35 (July 30, 1981).</subfield></datafield><datafield ind1=" " ind2=" " tag="500"><subfield code="a">"Largest Black weekly chain in any U.S. city."</subfield></datafield><datafield ind1=" " ind2=" " tag="588"><subfield code="a">Description based on: Vol. 58, no. 13 (Mar. 4, 1976).</subfield></datafield><datafield ind1=" " ind2="0" tag="650"><subfield code="a">African Americans</subfield><subfield code="z">California</subfield><subfield code="z">Newspapers.</subfield></datafield><datafield ind1=" " ind2="0" tag="651"><subfield code="a">Inglewood (Calif.)</subfield><subfield code="v">Newspapers.</subfield></datafield><datafield ind1=" " ind2="0" tag="651"><subfield code="a">Hawthorne (Calif.)</subfield><subfield code="v">Newspapers.</subfield></datafield><datafield ind1=" " ind2=" " tag="752"><subfield code="a">United States</subfield><subfield code="b">California</subfield><subfield code="c">Los Angeles</subfield><subfield code="d">Los Angeles.</subfield></datafield><datafield ind1="0" ind2="0" tag="780"><subfield code="t">Inglewood Hawthorne Gardena wave</subfield><subfield code="w">(DLC)sn 95061658</subfield></datafield><datafield ind1="0" ind2="6" tag="785"><subfield code="t">Inglewood wave</subfield><subfield code="w">(DLC)sn 84025874</subfield></datafield><datafield ind1="0" ind2="6" tag="785"><subfield code="t">Hawthorne wave</subfield><subfield code="w">(DLC)sn 84025875</subfield></datafield></record>